@article{jacopini,
    author  = "Bohm, C. and Jacopini, G.",
    year    = "1966",
    month   = "May",
    title   = "Flow diagrams, Turing machines and languages with only two formation rules",
    journal = "Commun. ACM",
    volume  = "9",
    pages   = "366-371",
    annote  = "This letter started the debate."
}

@article{dijkstra,
    author  = "Dijkstra, E. W.",
    year    = "1968",
    month   = "March",
    title   = "Letters to the editor: go to statement considered harmful",
    journal = "Commun. ACM",
    volume  = "11",
    number  = "3",
    pages   = "147-148",
    url     = "http://doi.acm.org/10.1145/362929.362947",
    annote  = "This letter started the debate."
}

@inproceedings{ashcroft,
    author    = "Ashcroft, E. and Manna, Z.",
    year      = "1972",
    title     = "The translation of 'go to' programs to 'while' programs",
    booktitle = "Proc. IFIP Congress 1971",
    volume    = "1",
    published = "North-Holland Publ. Co.",
    address   = "Amsterdam, The Netherlands",
    pages     = "250-255",
    annote    = "Attempt at improved automated replacement of goto.  Seen by Knuth as an improvement over Jacopini."
}

@inproceedings{kosaraju,
    author    = "Kosaraju, S. R.",
    year      = "1973",
    month     = "May",
    title     = "Analysis of structured programs",
    booktitle = "Proc. Fifth Annual ACM Symp. Theory of Computing",
    pages     = "240-252",
    annote    = "Proof that goto can be replaced with other constructs like break.  Also published in one year later in Journal of Computer and System Sciences."
}

@misc{dijkstra-personal,
    author       = "Dijkstra, E. W.",
    year         = "1973",
    month        = "January",
    howpublished = "personal communication with Donald Knuth",
    annote       = "Reported in Knuth's famous coverage of goto; Knuth reports quite a bit of private correspondence when preparing the paper."
}

@inproceedings{wulf,
    author    = "Wulf, W. A.",
    year      = "1972",
    title     = "A case against the GOTO",
    booktitle = "Proceedings of the ACM Annual Conference - Volume 2",
    editor    = "R. Shields",
    pages     = "791-797",
    url       = "http://doi.acm.org/10.1145/800194.805861",
    annote    = "Includes discussion of efficiency and goto drawing on his experience with the Bliss language."
}

@article{wulf-bliss,
    author    = "Wulf, W. A.",
    year      = "1971",
    month     = "Decemeber",
    title     = "Bliss: a language for systems programming",
    journal   = "CACM",
    annote    = "Uncited and provided for user convenience.  Wulf's article detailing the Bliss language."
}

@inproceedings{wulf-leave,
    author    = "Wulf, W. A.",
    year      = "1971",
    month     = "August",
    title     = "Programming without the go to",
    booktitle = "Proceedings 1971 IFIP Congress",
    address   = "Ljubljana, Yugoslavia",
    annote    = "Introduces the $leave$ construct"
}


@inproceedings{leavenworth,
    author    = "Leavenworth, B. M.",
    year      = "1972",
    title     = "Programming with(out) the GOTO",
    booktitle = "Proceedings of the ACM Annual Conference - Volume 2",
    editor    = "R. Shields",
    pages     = "782-786",
    url       = "http://doi.acm.org/10.1145/800194.805859",
    annote    = "Good summation of the goto debate, but published prior to Knuth"
}


@article{bochman,
    author  = "Bochmann, G. V",
    year    = "1973",
    month   = "July",
    title   = "Multiple exits from a loop without the GOTO",
    journal = "Commun. ACM",
    volume  = "16",
    number  = "7",
    pages   = "443-444",
    url     = "http://doi.acm.org/10.1145/362280.362300",
    annote  = "Introduces new construct in context of replacing goto's"
}

@article{naur,
    author  = "Naur, P.",
    year    = "1963",
    title   = "Go to statements and good Algol style",
    journal = "BIT",
    volume  = "3",
    number  = "3",
    pages   = "204-208",
    annote  = "According to Knuth, first published remarks about harmful goto's"
}


@article{knuth,
    author  = "Knuth, D. E.",
    year    = "1974",
    title   = "Structured Programming with go to Statements.",
    journal = "ACM Comput. Surv.",
    volume  = "6",
    number  = "4",
    pages   = "261-301",
    url     = "http://doi.acm.org/10.1145/356635.356640",
    annote  = "Landmark and lengthy survey of goto usage"
}


@article{mccabe,
    author  = "McCabe, T. J.",
    year    = "1976",
    month   = "December",
    title   = "A Complexity Measure",
    journal = "IEEE Transactions on Software Engineering",
    volume  = "SE-2",
    number  = "4",
    pages   = "308-320",
    annote  = "Introduction of cyclomatic complexity"
}


@inproceedings{allen,
    author    = "Allen, J. R. and Kennedy, K. and Porterfield, C. and Warren, J.",
    year      = "1983",
    month     = "January",
    title     = "Conversion of control dependence to data dependence",
    booktitle = "Conf. Rec. of the POPL-10",
    pages     = "177-189",
    address   = "Austin, Texas",
    annote    = "Removing goto's as part of a vectorizing compiler"
}


@article{rubin,
    author  = "Rubin, F.",
    year    = "1987",
    title   = "``GOTO Considered Harmful'' Considered Harmful",
    journal = "Commun. ACM",
    volume  = "30",
    pages   = "195-196",
    annote  = "Claim that harmful goto position was dogma and not logically based"
}


@article{jonsson,
    author  = "Jonsson, D.",
    year    = "1989",
    month   = "March",
    title   = "Next: the elimination of Goto-patches?",
    journal = "SIGPLAN Not.",
    volume  = "24",
    number  = "3",
    pages   = "85-92",
    url     = "http://doi.acm.org/10.1145/66083.66091",
    annote  = "Discussion of elimination of goto's with new constructs (pancode and boxcharts)"
}

@article{jonsson_pancode,
    author  = "Jonsson, D.",
    year    = "1987",
    month   = "August",
    title   = "Pancode and Boxcharts: Structured Programming Revisited",
    journal = "SIGPLAN Not.",
    volume  = "22",
    number  = "8",
    pages   = "89-98",
    annote  = "Initial introduction of pancode and boxcharts."
}

@article{ammarguellat,
    author  = "Ammarguellat, Z.",
    year    = "1992",
    title   = "A control-flow normalization algorithm and its complexity",
    journal = "IEEE Trans. on Software Eng.",
    volume  = "18",
    number  = "3",
    pages   = "237-250",
    annote  = "Eliminating goto's for a parallelizing compiler"
}


@inproceedings{erosa,
    author    = "Erosa, A M. and Hendren, L. J.",
    year      = "1994",
    month     = "May",
    title     = "Taming Control Flow: A Structured Approach to Eliminating Goto Statements",
    booktitle = "Proceedings of the 1994 International Conference on Computer Languages",
    address   = "Toulouse, France",
    annote    = "Eliminating goto's for an optimizing and parallelizing compiler"
}

@article{rojas,
    author  = "Rojas, R.",
    title   = "Conditional Branching is not Necessary for Universal Computation in von Neumann Computers",
    journal = "Journal of Universal Computer Science",
    year    = "1996",
    volume  = "2",
    number  = "11",
    pages   = "756-768",
    url     = "http://www.jucs.org/jucs_2_11/conditional_branching_is_not",
    annote  = "Demonstrates that only four instructions required for von Neumann computers: load, store, inc, and goto"
}

@online{java_keywords,
    author = "Sun Microsystems",
    title  = "Java Language Keywords",
    month  = "December",
    year   = "2009",
    url    = "http://java.sun.com/docs/books/tutorial/java/nutsandbolts/_keywords.html",
    annote = "From Sun's Java reference.  Goto is included as a keyword but not implemented."
}
